@Book{Google:2008,
  author =       "Google Android Group",
  title =        "Android Online Documentation",
  publisher =    "Google",
  url =          "http://www.mitpress.com/book-home.tcl?isbn=0262571331",
  acknowledgement = ack-nhfb,
}