%% This BibTeX bibliography file in UTF-8 format was created using Papers.
%% http://mekentosj.com/papers/

@article{Love:2005p1294,
author = {R Love}, 
journal = {Linux Journal},
title = {Kernel korner: Intro to inotify},
abstract = {Applications that watch thousands of files for changes, or that need to know when a storage device gets disconnected, need a clean, fast solution to the file change notification problem. Here it is.},
year = {2005},
month = {Jan},
keywords = {teledroid}, 
date-added = {2009-05-20 16:17:03 -0700},
date-modified = {2009-05-20 16:18:27 -0700},
pmid = {5112764779182842782related:nmNSY3ow9EYJ},
URL = {http://portal.acm.org/citation.cfm?id=1103050.1103058},
uri = {papers://E8736803-ACE0-495A-909E-5FD02B81E7B5/Paper/p1294},
rating = {0}
}

@book{Google:2008,
author = {Google Android Group}, 
journal = {developer.android.com},
title = {Android Online Documentation},
keywords = {teledroid}, 
date-added = {2009-05-20 16:22:11 -0700},
date-modified = {2009-05-20 16:23:32 -0700},
URL = {http://developer.android.com},
uri = {papers://E8736803-ACE0-495A-909E-5FD02B81E7B5/Paper/p1395},
rating = {0}
}

